<record><leader>00000cas a22000007a 4500</leader><controlfield tag="001">20834830</controlfield><controlfield tag="008">891229d18981899mnuwr ne      0    0eng d</controlfield><datafield ind1=" " ind2=" " tag="010"><subfield code="a">sn 89064824 </subfield></datafield><datafield ind1=" " ind2=" " tag="040"><subfield code="a">MN#</subfield><subfield code="b">eng</subfield><subfield code="c">MN#</subfield><subfield code="d">OCLCQ</subfield><subfield code="d">OCLCF</subfield><subfield code="d">OCLCO</subfield></datafield><datafield ind1=" " ind2=" " tag="042"><subfield code="a">msc</subfield></datafield><datafield ind1=" " ind2=" " tag="043"><subfield code="a">n-us-mn</subfield></datafield><datafield ind1=" " ind2=" " tag="052"><subfield code="a">4144</subfield><subfield code="b">W13</subfield></datafield><datafield ind1=" " ind2=" " tag="052"><subfield code="a">4143</subfield><subfield code="b">W2</subfield></datafield><datafield ind1="0" ind2="4" tag="245"><subfield code="a">The standard and the Wabasha Democrat.</subfield></datafield><datafield ind1=" " ind2=" " tag="260"><subfield code="a">Wabasha, Minn. :</subfield><subfield code="b">Haines &amp; Stone,</subfield><subfield code="c">1898-1899.</subfield></datafield><datafield ind1=" " ind2=" " tag="300"><subfield code="a">2 v.</subfield></datafield><datafield ind1=" " ind2=" " tag="310"><subfield code="a">Weekly</subfield></datafield><datafield ind1="0" ind2=" " tag="362"><subfield code="a">Vol. 11, no. 42 (Oct. 7, 1898)-v. 12, no. 48 (Dec. 29, 1899).</subfield></datafield><datafield ind1=" " ind2=" " tag="530"><subfield code="a">Available on microfilm from the Minnesota Historical Society.</subfield></datafield><datafield ind1=" " ind2="0" tag="651"><subfield code="a">Wabasha (Minn.)</subfield><subfield code="v">Newspapers.</subfield></datafield><datafield ind1=" " ind2="7" tag="655"><subfield code="a">Newspapers.</subfield><subfield code="2">fast</subfield><subfield code="0">(OCoLC)fst01423814</subfield></datafield><datafield ind1=" " ind2="7" tag="651"><subfield code="a">Minnesota</subfield><subfield code="z">Wabasha.</subfield><subfield code="2">fast</subfield><subfield code="0">(OCoLC)fst01232071</subfield></datafield><datafield ind1=" " ind2=" " tag="752"><subfield code="a">United States</subfield><subfield code="b">Minnesota</subfield><subfield code="c">Wabasha</subfield><subfield code="d">Wabasha.</subfield></datafield><datafield ind1="0" ind2="0" tag="780"><subfield code="t">Standard (Wabasha, Minn. : 1898)</subfield><subfield code="w">(DLC)sn 89064823</subfield></datafield><datafield ind1="0" ind2="0" tag="785"><subfield code="t">Standard (Wabasha, Minn. : 1900)</subfield><subfield code="w">(DLC)sn 89064825</subfield></datafield></record>